@article{welbourne2016science,
  title={Science communication on YouTube: Factors that affect channel and video popularity},
  author={Welbourne, Dustin J and Grant, Will J},
  journal={Public Understanding of Science},
  volume={25},
  number={6},
  pages={706--718},
  year={2016},
  publisher={SAGE Publications Sage UK: London, England}
}


@online{socialblade,
  author = {SocialBladeLLC},
  title = {Youtube social blade stats},
  year = 2019,
  url = {https://socialblade.com/youtube/},
  urldate = {2019-01-5}
}

@misc{sudoku,
  author = {Bonča, J.},
  title = {Sudoku 9x9-15},
  year = 2015,
  url = {https://i.pinimg.com/564x/4c/17/f2/4c17f2454b20fa3200882047d1722684.jpg},
  urldate = {2019-01-13}
}

@misc{tipkopisi,
  author = {Bonča, J.},
  title = {Tipkopisi},
  year = 2015,
  url = {http://likovnodrustvo-kranj.weebly.com/gostujo269e-razstave/jaka-bonca-tipkopisi},
  urldate = {2019-01-13}
}


